@conference{seznec2005analysis,
  title={{Analysis of the OGEHL Predictor}},
  author={Seznec, A.},
  booktitle={{Intl. Symp. on Computer Architecture}},
  pages={394--405},
  year={2005}
}

@misc{cbp1,
key = {CBP1 Branch Predictor},
author = {Seznec, A.},
title = {{OGEHL in the 1st Championship Branch Predictor}},
howpublished ="\url{{http://www.jilp.org/cbp/Andre.tar.bz2.uue}}",
year = 2004
}

@misc{ogehl,
author = {Seznec, A.},
title = {{The O-GEHL branch predictor}},
howpublished="In The 1st JILP Championship Branch Prediction Competition (CBP-1)",
note="\url{{http://www.jilp.org/cbp/Andre.pdf}}",
year = 2004
}

@techreport{mcfarling1993combining,
  title={{Combining branch predictors}},
  author={McFarling, S.},
  year={1993},
  institution={Technical Report TN-36, Digital Western Research Laboratory}
}